@book{berge-graphes,
  title={Graphes et hypergraphes},
  author={Berge, C.},
  publisher={Dunod, Paris},
  year={1970}
}

@inbook{berge-arretes,
  title={Graphes et hypergraphes},
  author={Berge, C.},
  publisher={Dunod, Paris},
  year={1970},
  chapter={12. Indice chromatique},
  pages={236-259}
}

@inbook{berge-sommets,
  title={Graphes et hypergraphes},
  author={Berge, C.},
  publisher={Dunod, Paris},
  year={1970},
  chapter={15. Nombre chromatique},
  pages={314-346}
}

@article{jensen1996graph,
  title={{Graph coloring problems}},
  author={Jensen, T.R. and Toft, B.},
  journal={Bull. Amer. Math. Soc. 33 (1996), 287-288. DOI: 10.1090/S0273-0979-96-00651-9 PII: S 0273-0979 (96) 00651-9 Copyright of article: Copyright 1996, American Mathematical Society},
  year={1996}
}